@article{stanley2002evolving,
	title="Evolving neural networks through augmenting topologies",
	author="Kenneth O. {Stanley} and Risto {Miikkulainen}",
	journal="Evolutionary Computation",
	volume="10",
	number="2",
	pages="99--127",
	notes="Sourced from Microsoft Academic - https://academic.microsoft.com/paper/2111935653",
	year="2002"
}

@inproceedings{oh2015action,
	title="Action-conditional video prediction using deep networks in Atari games",
	author="Junhyuk {Oh} and Xiaoxiao {Guo} and Honglak {Lee} and Richard {Lewis} and Satinder {Singh}",
	booktitle="NIPS'15 Proceedings of the 28th International Conference on Neural Information Processing Systems - Volume 2",
	volume="28",
	pages="2863--2871",
	notes="Sourced from Microsoft Academic - https://academic.microsoft.com/paper/2962841471",
	year="2015"
}

@article{stanley2005real,
	title="Real-time neuroevolution in the NERO video game",
	author="K.O. {Stanley} and B.D. {Bryant} and R. {Miikkulainen}",
	journal="IEEE Transactions on Evolutionary Computation",
	volume="9",
	number="6",
	pages="653--668",
	notes="Sourced from Microsoft Academic - https://academic.microsoft.com/paper/2140685838",
	year="2005"
}

@inproceedings{woof2018learning,
	title="Learning to Play General Video-Games via an Object Embedding Network",
	author="William {Woof} and Ke {Chen}",
	booktitle="2018 IEEE Conference on Computational Intelligence and Games (CIG)",
	pages="8490438",
	notes="Sourced from Microsoft Academic - https://academic.microsoft.com/paper/2963260084",
	year="2018"
}

@article{wiehe2018sampled,
	title="Sampled Policy Gradient for Learning to Play the Game Agar.io",
	author="Anton Orell {Wiehe} and Nil Stolt {Ansó} and Madalina M. {Drugan} and Marco A. {Wiering}",
	journal="arXiv preprint arXiv:1809.05763",
	notes="Sourced from Microsoft Academic - https://academic.microsoft.com/paper/2891716277",
	year="2018"
}

@inproceedings{anso2019deep,
	title="Deep Reinforcement Learning for Pellet Eating in Agar.io",
	author="Nil Stolt {Ansó} and Anton Orell {Wiehe} and Madalina M. {Drugan} and Marco A. {Wiering}",
	booktitle="Proceedings of the 11th International Conference on Agents and Artificial Intelligence",
	volume="2",
	pages="123--133",
	notes="Sourced from Microsoft Academic - https://academic.microsoft.com/paper/2921796044",
	year="2019"
}
